<?xml version="1.0" encoding="UTF-8"?><record xmlns="http://www.loc.gov/MARC21/slim" xmlns:cinclude="http://apache.org/cocoon/include/1.0" xmlns:zs="http://www.loc.gov/zing/srw/">
  <leader>00420nz  a2200121n  4500</leader>
  <controlfield tag="001">n 2012040626</controlfield>
  <controlfield tag="003">DLC</controlfield>
  <controlfield tag="005">20120620074839.0</controlfield>
  <controlfield tag="008">120619n| acannaabn          |n aaa      </controlfield>
  <datafield tag="010" ind1=" " ind2=" ">
    <subfield code="a">n 2012040626</subfield>
  </datafield>
  <datafield tag="040" ind1=" " ind2=" ">
    <subfield code="a">DLC</subfield>
    <subfield code="b">eng</subfield>
    <subfield code="c">DLC</subfield>
  </datafield>
  <datafield tag="100" ind1="1" ind2=" ">
    <subfield code="a">Tall, Kadidia K.</subfield>
  </datafield>
  <datafield tag="670" ind1=" " ind2=" ">
    <subfield code="a">La place des femmes aux eĚlections municipales, 2001:</subfield>
    <subfield code="b">t.p. (Kadidia K. Tall, SIEXFO, Burkina Faso) running title (Kadidia K. Tall/SIEXFO-AMBF/PACD-IFDC-Jan. 01)</subfield>
  </datafield>
</record>